%YAML 1.1
%TAG !u! tag:unity3d.com,2011:
--- !u!1001 &100100000
Prefab:
  m_ObjectHideFlags: 1
  serializedVersion: 2
  m_Modification:
    m_TransformParent: {fileID: 0}
    m_Modifications: []
    m_RemovedComponents: []
  m_SourcePrefab: {fileID: 0}
  m_RootGameObject: {fileID: 1132330827879384}
  m_IsPrefabAsset: 1
--- !u!1 &1004495429792736
GameObject:
  m_ObjectHideFlags: 0
  m_CorrespondingSourceObject: {fileID: 0}
  m_PrefabInternal: {fileID: 100100000}
  serializedVersion: 6
  m_Component:
  - component: {fileID: 4080879132503766}
  - component: {fileID: 33997111800669016}
  - component: {fileID: 23571761025022798}
  m_Layer: 0
  m_Name: typeMesh7 (6)
  m_TagString: Untagged
  m_Icon: {fileID: 0}
  m_NavMeshLayer: 0
  m_StaticEditorFlags: 0
  m_IsActive: 1
--- !u!1 &1055855046854156
GameObject:
  m_ObjectHideFlags: 0
  m_CorrespondingSourceObject: {fileID: 0}
  m_PrefabInternal: {fileID: 100100000}
  serializedVersion: 6
  m_Component:
  - component: {fileID: 4095096336175906}
  - component: {fileID: 33633578169412114}
  - component: {fileID: 23261148173776204}
  m_Layer: 0
  m_Name: typeMesh7 (3)
  m_TagString: Untagged
  m_Icon: {fileID: 0}
  m_NavMeshLayer: 0
  m_StaticEditorFlags: 0
  m_IsActive: 1
--- !u!1 &1117157505984474
GameObject:
  m_ObjectHideFlags: 0
  m_CorrespondingSourceObject: {fileID: 0}
  m_PrefabInternal: {fileID: 100100000}
  serializedVersion: 6
  m_Component:
  - component: {fileID: 4911602413403074}
  - component: {fileID: 33393575786411116}
  - component: {fileID: 23223957984948798}
  m_Layer: 0
  m_Name: typeMesh7 (1)
  m_TagString: Untagged
  m_Icon: {fileID: 0}
  m_NavMeshLayer: 0
  m_StaticEditorFlags: 0
  m_IsActive: 1
--- !u!1 &1132330827879384
GameObject:
  m_ObjectHideFlags: 0
  m_CorrespondingSourceObject: {fileID: 0}
  m_PrefabInternal: {fileID: 100100000}
  serializedVersion: 6
  m_Component:
  - component: {fileID: 4229209209328400}
  m_Layer: 0
  m_Name: ChrisToyBlocks_Bedroom_MasterThesis 1
  m_TagString: Untagged
  m_Icon: {fileID: 0}
  m_NavMeshLayer: 0
  m_StaticEditorFlags: 0
  m_IsActive: 1
--- !u!1 &1296089845449148
GameObject:
  m_ObjectHideFlags: 0
  m_CorrespondingSourceObject: {fileID: 0}
  m_PrefabInternal: {fileID: 100100000}
  serializedVersion: 6
  m_Component:
  - component: {fileID: 4355565715352402}
  - component: {fileID: 33761490878236504}
  - component: {fileID: 23102911900941944}
  m_Layer: 0
  m_Name: typeMesh8
  m_TagString: Untagged
  m_Icon: {fileID: 0}
  m_NavMeshLayer: 0
  m_StaticEditorFlags: 0
  m_IsActive: 1
--- !u!1 &1321195513510692
GameObject:
  m_ObjectHideFlags: 0
  m_CorrespondingSourceObject: {fileID: 0}
  m_PrefabInternal: {fileID: 100100000}
  serializedVersion: 6
  m_Component:
  - component: {fileID: 4866279681840862}
  - component: {fileID: 33380089440037572}
  - component: {fileID: 23447055772892304}
  m_Layer: 0
  m_Name: typeMesh7
  m_TagString: Untagged
  m_Icon: {fileID: 0}
  m_NavMeshLayer: 0
  m_StaticEditorFlags: 0
  m_IsActive: 1
--- !u!1 &1333787128646726
GameObject:
  m_ObjectHideFlags: 0
  m_CorrespondingSourceObject: {fileID: 0}
  m_PrefabInternal: {fileID: 100100000}
  serializedVersion: 6
  m_Component:
  - component: {fileID: 4204616631533604}
  - component: {fileID: 33706208460899250}
  - component: {fileID: 23756863129765168}
  m_Layer: 0
  m_Name: typeMesh7 (4)
  m_TagString: Untagged
  m_Icon: {fileID: 0}
  m_NavMeshLayer: 0
  m_StaticEditorFlags: 0
  m_IsActive: 1
--- !u!1 &1545581180185170
GameObject:
  m_ObjectHideFlags: 0
  m_CorrespondingSourceObject: {fileID: 0}
  m_PrefabInternal: {fileID: 100100000}
  serializedVersion: 6
  m_Component:
  - component: {fileID: 4593854571197584}
  - component: {fileID: 33388254543392544}
  - component: {fileID: 23448334603541922}
  m_Layer: 0
  m_Name: typeMesh7 (2)
  m_TagString: Untagged
  m_Icon: {fileID: 0}
  m_NavMeshLayer: 0
  m_StaticEditorFlags: 0
  m_IsActive: 1
--- !u!1 &1631911319086280
GameObject:
  m_ObjectHideFlags: 0
  m_CorrespondingSourceObject: {fileID: 0}
  m_PrefabInternal: {fileID: 100100000}
  serializedVersion: 6
  m_Component:
  - component: {fileID: 4391609996979240}
  m_Layer: 0
  m_Name: ChrisToyBlocks_Bedroom_MasterThesis (1)
  m_TagString: Untagged
  m_Icon: {fileID: 0}
  m_NavMeshLayer: 0
  m_StaticEditorFlags: 0
  m_IsActive: 1
--- !u!1 &1719743613370434
GameObject:
  m_ObjectHideFlags: 0
  m_CorrespondingSourceObject: {fileID: 0}
  m_PrefabInternal: {fileID: 100100000}
  serializedVersion: 6
  m_Component:
  - component: {fileID: 4364775957765986}
  - component: {fileID: 33046808905134822}
  - component: {fileID: 23287522311229116}
  m_Layer: 0
  m_Name: typeMesh7 (5)
  m_TagString: Untagged
  m_Icon: {fileID: 0}
  m_NavMeshLayer: 0
  m_StaticEditorFlags: 0
  m_IsActive: 1
--- !u!1 &1772570583196172
GameObject:
  m_ObjectHideFlags: 0
  m_CorrespondingSourceObject: {fileID: 0}
  m_PrefabInternal: {fileID: 100100000}
  serializedVersion: 6
  m_Component:
  - component: {fileID: 4291435434360534}
  - component: {fileID: 33511969428389150}
  - component: {fileID: 23676406838699308}
  m_Layer: 0
  m_Name: typeMesh7 (7)
  m_TagString: Untagged
  m_Icon: {fileID: 0}
  m_NavMeshLayer: 0
  m_StaticEditorFlags: 0
  m_IsActive: 1
--- !u!1 &1788076461335100
GameObject:
  m_ObjectHideFlags: 0
  m_CorrespondingSourceObject: {fileID: 0}
  m_PrefabInternal: {fileID: 100100000}
  serializedVersion: 6
  m_Component:
  - component: {fileID: 4193732335263172}
  - component: {fileID: 33597997182582062}
  - component: {fileID: 23521161200832708}
  m_Layer: 0
  m_Name: typeMesh8
  m_TagString: Untagged
  m_Icon: {fileID: 0}
  m_NavMeshLayer: 0
  m_StaticEditorFlags: 0
  m_IsActive: 1
--- !u!1 &1808728030577650
GameObject:
  m_ObjectHideFlags: 0
  m_CorrespondingSourceObject: {fileID: 0}
  m_PrefabInternal: {fileID: 100100000}
  serializedVersion: 6
  m_Component:
  - component: {fileID: 4366399398395872}
  - component: {fileID: 33598151827728390}
  - component: {fileID: 23057774802605604}
  m_Layer: 0
  m_Name: typeMesh7
  m_TagString: Untagged
  m_Icon: {fileID: 0}
  m_NavMeshLayer: 0
  m_StaticEditorFlags: 0
  m_IsActive: 1
--- !u!1 &1839765087385650
GameObject:
  m_ObjectHideFlags: 0
  m_CorrespondingSourceObject: {fileID: 0}
  m_PrefabInternal: {fileID: 100100000}
  serializedVersion: 6
  m_Component:
  - component: {fileID: 4857735147300452}
  - component: {fileID: 33923303588340522}
  - component: {fileID: 23141032601968800}
  m_Layer: 0
  m_Name: typeMesh7 (1)
  m_TagString: Untagged
  m_Icon: {fileID: 0}
  m_NavMeshLayer: 0
  m_StaticEditorFlags: 0
  m_IsActive: 1
--- !u!1 &1988376557294080
GameObject:
  m_ObjectHideFlags: 0
  m_CorrespondingSourceObject: {fileID: 0}
  m_PrefabInternal: {fileID: 100100000}
  serializedVersion: 6
  m_Component:
  - component: {fileID: 4816522854325298}
  - component: {fileID: 33089582294421830}
  - component: {fileID: 23694408649978012}
  m_Layer: 0
  m_Name: typeMesh8 (1)
  m_TagString: Untagged
  m_Icon: {fileID: 0}
  m_NavMeshLayer: 0
  m_StaticEditorFlags: 0
  m_IsActive: 1
--- !u!4 &4080879132503766
Transform:
  m_ObjectHideFlags: 1
  m_CorrespondingSourceObject: {fileID: 0}
  m_PrefabInternal: {fileID: 100100000}
  m_GameObject: {fileID: 1004495429792736}
  m_LocalRotation: {x: -0, y: -0, z: -0, w: 1}
  m_LocalPosition: {x: -0.19980001, y: 0.2137, z: -0.0108}
  m_LocalScale: {x: 0.2780012, y: 0.2780012, z: 0.2780012}
  m_Children: []
  m_Father: {fileID: 4229209209328400}
  m_RootOrder: 12
  m_LocalEulerAnglesHint: {x: 0, y: 0, z: 0}
--- !u!4 &4095096336175906
Transform:
  m_ObjectHideFlags: 1
  m_CorrespondingSourceObject: {fileID: 0}
  m_PrefabInternal: {fileID: 100100000}
  m_GameObject: {fileID: 1055855046854156}
  m_LocalRotation: {x: -0, y: -0, z: -0, w: 1}
  m_LocalPosition: {x: -0.20820001, y: 0.2137, z: -0.0464}
  m_LocalScale: {x: 0.2780012, y: 0.2780012, z: 0.2780012}
  m_Children: []
  m_Father: {fileID: 4229209209328400}
  m_RootOrder: 9
  m_LocalEulerAnglesHint: {x: 0, y: 0, z: 0}
--- !u!4 &4193732335263172
Transform:
  m_ObjectHideFlags: 1
  m_CorrespondingSourceObject: {fileID: 0}
  m_PrefabInternal: {fileID: 100100000}
  m_GameObject: {fileID: 1788076461335100}
  m_LocalRotation: {x: -0, y: -0, z: -0, w: 1}
  m_LocalPosition: {x: -0.108, y: 0.2121, z: -0.11799999}
  m_LocalScale: {x: 0.27800083, y: 0.27800083, z: 0.27800083}
  m_Children: []
  m_Father: {fileID: 4229209209328400}
  m_RootOrder: 5
  m_LocalEulerAnglesHint: {x: 0, y: 0, z: 0}
--- !u!4 &4204616631533604
Transform:
  m_ObjectHideFlags: 1
  m_CorrespondingSourceObject: {fileID: 0}
  m_PrefabInternal: {fileID: 100100000}
  m_GameObject: {fileID: 1333787128646726}
  m_LocalRotation: {x: -0, y: -0, z: -0, w: 1}
  m_LocalPosition: {x: -0.2221, y: 0.2137, z: -0.027300002}
  m_LocalScale: {x: 0.2780012, y: 0.2780012, z: 0.2780012}
  m_Children: []
  m_Father: {fileID: 4229209209328400}
  m_RootOrder: 10
  m_LocalEulerAnglesHint: {x: 0, y: 0, z: 0}
--- !u!4 &4229209209328400
Transform:
  m_ObjectHideFlags: 1
  m_CorrespondingSourceObject: {fileID: 0}
  m_PrefabInternal: {fileID: 100100000}
  m_GameObject: {fileID: 1132330827879384}
  m_LocalRotation: {x: 0, y: -0, z: -0, w: 1}
  m_LocalPosition: {x: 5.9482, y: -3.758, z: 0.77}
  m_LocalScale: {x: 8.8437395, y: 8.8437395, z: 8.8437395}
  m_Children:
  - {fileID: 4366399398395872}
  - {fileID: 4355565715352402}
  - {fileID: 4911602413403074}
  - {fileID: 4391609996979240}
  - {fileID: 4866279681840862}
  - {fileID: 4193732335263172}
  - {fileID: 4857735147300452}
  - {fileID: 4816522854325298}
  - {fileID: 4593854571197584}
  - {fileID: 4095096336175906}
  - {fileID: 4204616631533604}
  - {fileID: 4364775957765986}
  - {fileID: 4080879132503766}
  - {fileID: 4291435434360534}
  m_Father: {fileID: 0}
  m_RootOrder: 0
  m_LocalEulerAnglesHint: {x: 0, y: 0, z: 0}
--- !u!4 &4291435434360534
Transform:
  m_ObjectHideFlags: 1
  m_CorrespondingSourceObject: {fileID: 0}
  m_PrefabInternal: {fileID: 100100000}
  m_GameObject: {fileID: 1772570583196172}
  m_LocalRotation: {x: -0, y: -0, z: -0, w: 1}
  m_LocalPosition: {x: -0.19449997, y: 0.2137, z: 0.0068000024}
  m_LocalScale: {x: 0.2780012, y: 0.2780012, z: 0.2780012}
  m_Children: []
  m_Father: {fileID: 4229209209328400}
  m_RootOrder: 13
  m_LocalEulerAnglesHint: {x: 0, y: 0, z: 0}
--- !u!4 &4355565715352402
Transform:
  m_ObjectHideFlags: 1
  m_CorrespondingSourceObject: {fileID: 0}
  m_PrefabInternal: {fileID: 100100000}
  m_GameObject: {fileID: 1296089845449148}
  m_LocalRotation: {x: 0, y: -0, z: -0, w: 1}
  m_LocalPosition: {x: -0.0771, y: 0.2121, z: -0.1164}
  m_LocalScale: {x: 0.27800083, y: 0.27800083, z: 0.27800083}
  m_Children: []
  m_Father: {fileID: 4229209209328400}
  m_RootOrder: 1
  m_LocalEulerAnglesHint: {x: 0, y: 0, z: 0}
--- !u!4 &4364775957765986
Transform:
  m_ObjectHideFlags: 1
  m_CorrespondingSourceObject: {fileID: 0}
  m_PrefabInternal: {fileID: 100100000}
  m_GameObject: {fileID: 1719743613370434}
  m_LocalRotation: {x: -0, y: -0, z: -0, w: 1}
  m_LocalPosition: {x: -0.2221, y: 0.2137, z: -0.0108}
  m_LocalScale: {x: 0.2780012, y: 0.2780012, z: 0.2780012}
  m_Children: []
  m_Father: {fileID: 4229209209328400}
  m_RootOrder: 11
  m_LocalEulerAnglesHint: {x: 0, y: 0, z: 0}
--- !u!4 &4366399398395872
Transform:
  m_ObjectHideFlags: 1
  m_CorrespondingSourceObject: {fileID: 0}
  m_PrefabInternal: {fileID: 100100000}
  m_GameObject: {fileID: 1808728030577650}
  m_LocalRotation: {x: 0, y: -0, z: -0, w: 1}
  m_LocalPosition: {x: -0.10803086, y: 0.2132, z: 0.0334}
  m_LocalScale: {x: 0.27800083, y: 0.27800083, z: 0.27800083}
  m_Children: []
  m_Father: {fileID: 4229209209328400}
  m_RootOrder: 0
  m_LocalEulerAnglesHint: {x: 0, y: 0, z: 0}
--- !u!4 &4391609996979240
Transform:
  m_ObjectHideFlags: 1
  m_CorrespondingSourceObject: {fileID: 0}
  m_PrefabInternal: {fileID: 100100000}
  m_GameObject: {fileID: 1631911319086280}
  m_LocalRotation: {x: -0, y: -0, z: -0, w: 1}
  m_LocalPosition: {x: 0, y: 0, z: 0}
  m_LocalScale: {x: 1, y: 1, z: 1}
  m_Children: []
  m_Father: {fileID: 4229209209328400}
  m_RootOrder: 3
  m_LocalEulerAnglesHint: {x: 0, y: 0, z: 0}
--- !u!4 &4593854571197584
Transform:
  m_ObjectHideFlags: 1
  m_CorrespondingSourceObject: {fileID: 0}
  m_PrefabInternal: {fileID: 100100000}
  m_GameObject: {fileID: 1545581180185170}
  m_LocalRotation: {x: -0, y: -0, z: -0, w: 1}
  m_LocalPosition: {x: -0.12919998, y: 0.2132, z: -0.108}
  m_LocalScale: {x: 0.2780012, y: 0.2780012, z: 0.2780012}
  m_Children: []
  m_Father: {fileID: 4229209209328400}
  m_RootOrder: 8
  m_LocalEulerAnglesHint: {x: 0, y: 0, z: 0}
--- !u!4 &4816522854325298
Transform:
  m_ObjectHideFlags: 1
  m_CorrespondingSourceObject: {fileID: 0}
  m_PrefabInternal: {fileID: 100100000}
  m_GameObject: {fileID: 1988376557294080}
  m_LocalRotation: {x: -0, y: -0, z: -0, w: 1}
  m_LocalPosition: {x: -0.09460002, y: 0.2121, z: -0.113199994}
  m_LocalScale: {x: 0.2780012, y: 0.2780012, z: 0.2780012}
  m_Children: []
  m_Father: {fileID: 4229209209328400}
  m_RootOrder: 7
  m_LocalEulerAnglesHint: {x: 0, y: 0, z: 0}
--- !u!4 &4857735147300452
Transform:
  m_ObjectHideFlags: 1
  m_CorrespondingSourceObject: {fileID: 0}
  m_PrefabInternal: {fileID: 100100000}
  m_GameObject: {fileID: 1839765087385650}
  m_LocalRotation: {x: -0, y: -0, z: -0, w: 1}
  m_LocalPosition: {x: -0.12069997, y: 0.2132, z: 0.040699996}
  m_LocalScale: {x: 0.2780012, y: 0.2780012, z: 0.2780012}
  m_Children: []
  m_Father: {fileID: 4229209209328400}
  m_RootOrder: 6
  m_LocalEulerAnglesHint: {x: 0, y: 0, z: 0}
--- !u!4 &4866279681840862
Transform:
  m_ObjectHideFlags: 1
  m_CorrespondingSourceObject: {fileID: 0}
  m_PrefabInternal: {fileID: 100100000}
  m_GameObject: {fileID: 1321195513510692}
  m_LocalRotation: {x: -0, y: -0, z: -0, w: 1}
  m_LocalPosition: {x: -0.10803085, y: 0.2132, z: 0.03339999}
  m_LocalScale: {x: 0.27800083, y: 0.27800083, z: 0.27800083}
  m_Children: []
  m_Father: {fileID: 4229209209328400}
  m_RootOrder: 4
  m_LocalEulerAnglesHint: {x: 0, y: 0, z: 0}
--- !u!4 &4911602413403074
Transform:
  m_ObjectHideFlags: 1
  m_CorrespondingSourceObject: {fileID: 0}
  m_PrefabInternal: {fileID: 100100000}
  m_GameObject: {fileID: 1117157505984474}
  m_LocalRotation: {x: -0, y: -0, z: -0, w: 1}
  m_LocalPosition: {x: -0.1207, y: 0.2132, z: 0.0407}
  m_LocalScale: {x: 0.2780012, y: 0.2780012, z: 0.2780012}
  m_Children: []
  m_Father: {fileID: 4229209209328400}
  m_RootOrder: 2
  m_LocalEulerAnglesHint: {x: 0, y: 0, z: 0}
--- !u!23 &23057774802605604
MeshRenderer:
  m_ObjectHideFlags: 1
  m_CorrespondingSourceObject: {fileID: 0}
  m_PrefabInternal: {fileID: 100100000}
  m_GameObject: {fileID: 1808728030577650}
  m_Enabled: 1
  m_CastShadows: 1
  m_ReceiveShadows: 1
  m_DynamicOccludee: 1
  m_MotionVectors: 1
  m_LightProbeUsage: 1
  m_ReflectionProbeUsage: 1
  m_RenderingLayerMask: 4294967295
  m_Materials:
  - {fileID: 2100000, guid: 9d93cac89b41c084f9e7ba2219ad0f57, type: 3}
  - {fileID: 2100002, guid: 9d93cac89b41c084f9e7ba2219ad0f57, type: 3}
  - {fileID: 2100004, guid: 9d93cac89b41c084f9e7ba2219ad0f57, type: 3}
  - {fileID: 2100006, guid: 9d93cac89b41c084f9e7ba2219ad0f57, type: 3}
  - {fileID: 2100008, guid: 9d93cac89b41c084f9e7ba2219ad0f57, type: 3}
  - {fileID: 2100010, guid: 9d93cac89b41c084f9e7ba2219ad0f57, type: 3}
  - {fileID: 2100012, guid: 9d93cac89b41c084f9e7ba2219ad0f57, type: 3}
  m_StaticBatchInfo:
    firstSubMesh: 0
    subMeshCount: 0
  m_StaticBatchRoot: {fileID: 0}
  m_ProbeAnchor: {fileID: 0}
  m_LightProbeVolumeOverride: {fileID: 0}
  m_ScaleInLightmap: 1
  m_PreserveUVs: 0
  m_IgnoreNormalsForChartDetection: 0
  m_ImportantGI: 0
  m_StitchLightmapSeams: 0
  m_SelectedEditorRenderState: 3
  m_MinimumChartSize: 4
  m_AutoUVMaxDistance: 0.5
  m_AutoUVMaxAngle: 89
  m_LightmapParameters: {fileID: 0}
  m_SortingLayerID: 0
  m_SortingLayer: 0
  m_SortingOrder: 0
--- !u!23 &23102911900941944
MeshRenderer:
  m_ObjectHideFlags: 1
  m_CorrespondingSourceObject: {fileID: 0}
  m_PrefabInternal: {fileID: 100100000}
  m_GameObject: {fileID: 1296089845449148}
  m_Enabled: 1
  m_CastShadows: 1
  m_ReceiveShadows: 1
  m_DynamicOccludee: 1
  m_MotionVectors: 1
  m_LightProbeUsage: 1
  m_ReflectionProbeUsage: 1
  m_RenderingLayerMask: 4294967295
  m_Materials:
  - {fileID: 2100000, guid: 9d93cac89b41c084f9e7ba2219ad0f57, type: 3}
  - {fileID: 2100002, guid: 9d93cac89b41c084f9e7ba2219ad0f57, type: 3}
  - {fileID: 2100004, guid: 9d93cac89b41c084f9e7ba2219ad0f57, type: 3}
  - {fileID: 2100006, guid: 9d93cac89b41c084f9e7ba2219ad0f57, type: 3}
  - {fileID: 2100008, guid: 9d93cac89b41c084f9e7ba2219ad0f57, type: 3}
  - {fileID: 2100010, guid: 9d93cac89b41c084f9e7ba2219ad0f57, type: 3}
  - {fileID: 2100012, guid: 9d93cac89b41c084f9e7ba2219ad0f57, type: 3}
  m_StaticBatchInfo:
    firstSubMesh: 0
    subMeshCount: 0
  m_StaticBatchRoot: {fileID: 0}
  m_ProbeAnchor: {fileID: 0}
  m_LightProbeVolumeOverride: {fileID: 0}
  m_ScaleInLightmap: 1
  m_PreserveUVs: 0
  m_IgnoreNormalsForChartDetection: 0
  m_ImportantGI: 0
  m_StitchLightmapSeams: 0
  m_SelectedEditorRenderState: 3
  m_MinimumChartSize: 4
  m_AutoUVMaxDistance: 0.5
  m_AutoUVMaxAngle: 89
  m_LightmapParameters: {fileID: 0}
  m_SortingLayerID: 0
  m_SortingLayer: 0
  m_SortingOrder: 0
--- !u!23 &23141032601968800
MeshRenderer:
  m_ObjectHideFlags: 1
  m_CorrespondingSourceObject: {fileID: 0}
  m_PrefabInternal: {fileID: 100100000}
  m_GameObject: {fileID: 1839765087385650}
  m_Enabled: 1
  m_CastShadows: 1
  m_ReceiveShadows: 1
  m_DynamicOccludee: 1
  m_MotionVectors: 1
  m_LightProbeUsage: 1
  m_ReflectionProbeUsage: 1
  m_RenderingLayerMask: 4294967295
  m_Materials:
  - {fileID: 2100000, guid: 9d93cac89b41c084f9e7ba2219ad0f57, type: 3}
  - {fileID: 2100002, guid: 9d93cac89b41c084f9e7ba2219ad0f57, type: 3}
  - {fileID: 2100004, guid: 9d93cac89b41c084f9e7ba2219ad0f57, type: 3}
  - {fileID: 2100006, guid: 9d93cac89b41c084f9e7ba2219ad0f57, type: 3}
  - {fileID: 2100008, guid: 9d93cac89b41c084f9e7ba2219ad0f57, type: 3}
  - {fileID: 2100010, guid: 9d93cac89b41c084f9e7ba2219ad0f57, type: 3}
  - {fileID: 2100012, guid: 9d93cac89b41c084f9e7ba2219ad0f57, type: 3}
  m_StaticBatchInfo:
    firstSubMesh: 0
    subMeshCount: 0
  m_StaticBatchRoot: {fileID: 0}
  m_ProbeAnchor: {fileID: 0}
  m_LightProbeVolumeOverride: {fileID: 0}
  m_ScaleInLightmap: 1
  m_PreserveUVs: 0
  m_IgnoreNormalsForChartDetection: 0
  m_ImportantGI: 0
  m_StitchLightmapSeams: 0
  m_SelectedEditorRenderState: 3
  m_MinimumChartSize: 4
  m_AutoUVMaxDistance: 0.5
  m_AutoUVMaxAngle: 89
  m_LightmapParameters: {fileID: 0}
  m_SortingLayerID: 0
  m_SortingLayer: 0
  m_SortingOrder: 0
--- !u!23 &23223957984948798
MeshRenderer:
  m_ObjectHideFlags: 1
  m_CorrespondingSourceObject: {fileID: 0}
  m_PrefabInternal: {fileID: 100100000}
  m_GameObject: {fileID: 1117157505984474}
  m_Enabled: 1
  m_CastShadows: 1
  m_ReceiveShadows: 1
  m_DynamicOccludee: 1
  m_MotionVectors: 1
  m_LightProbeUsage: 1
  m_ReflectionProbeUsage: 1
  m_RenderingLayerMask: 4294967295
  m_Materials:
  - {fileID: 2100000, guid: 9d93cac89b41c084f9e7ba2219ad0f57, type: 3}
  - {fileID: 2100002, guid: 9d93cac89b41c084f9e7ba2219ad0f57, type: 3}
  - {fileID: 2100004, guid: 9d93cac89b41c084f9e7ba2219ad0f57, type: 3}
  - {fileID: 2100006, guid: 9d93cac89b41c084f9e7ba2219ad0f57, type: 3}
  - {fileID: 2100008, guid: 9d93cac89b41c084f9e7ba2219ad0f57, type: 3}
  - {fileID: 2100010, guid: 9d93cac89b41c084f9e7ba2219ad0f57, type: 3}
  - {fileID: 2100012, guid: 9d93cac89b41c084f9e7ba2219ad0f57, type: 3}
  m_StaticBatchInfo:
    firstSubMesh: 0
    subMeshCount: 0
  m_StaticBatchRoot: {fileID: 0}
  m_ProbeAnchor: {fileID: 0}
  m_LightProbeVolumeOverride: {fileID: 0}
  m_ScaleInLightmap: 1
  m_PreserveUVs: 0
  m_IgnoreNormalsForChartDetection: 0
  m_ImportantGI: 0
  m_StitchLightmapSeams: 0
  m_SelectedEditorRenderState: 3
  m_MinimumChartSize: 4
  m_AutoUVMaxDistance: 0.5
  m_AutoUVMaxAngle: 89
  m_LightmapParameters: {fileID: 0}
  m_SortingLayerID: 0
  m_SortingLayer: 0
  m_SortingOrder: 0
--- !u!23 &23261148173776204
MeshRenderer:
  m_ObjectHideFlags: 1
  m_CorrespondingSourceObject: {fileID: 0}
  m_PrefabInternal: {fileID: 100100000}
  m_GameObject: {fileID: 1055855046854156}
  m_Enabled: 1
  m_CastShadows: 1
  m_ReceiveShadows: 1
  m_DynamicOccludee: 1
  m_MotionVectors: 1
  m_LightProbeUsage: 1
  m_ReflectionProbeUsage: 1
  m_RenderingLayerMask: 4294967295
  m_Materials:
  - {fileID: 2100000, guid: 9d93cac89b41c084f9e7ba2219ad0f57, type: 3}
  - {fileID: 2100002, guid: 9d93cac89b41c084f9e7ba2219ad0f57, type: 3}
  - {fileID: 2100004, guid: 9d93cac89b41c084f9e7ba2219ad0f57, type: 3}
  - {fileID: 2100006, guid: 9d93cac89b41c084f9e7ba2219ad0f57, type: 3}
  - {fileID: 2100008, guid: 9d93cac89b41c084f9e7ba2219ad0f57, type: 3}
  - {fileID: 2100010, guid: 9d93cac89b41c084f9e7ba2219ad0f57, type: 3}
  - {fileID: 2100012, guid: 9d93cac89b41c084f9e7ba2219ad0f57, type: 3}
  m_StaticBatchInfo:
    firstSubMesh: 0
    subMeshCount: 0
  m_StaticBatchRoot: {fileID: 0}
  m_ProbeAnchor: {fileID: 0}
  m_LightProbeVolumeOverride: {fileID: 0}
  m_ScaleInLightmap: 1
  m_PreserveUVs: 0
  m_IgnoreNormalsForChartDetection: 0
  m_ImportantGI: 0
  m_StitchLightmapSeams: 0
  m_SelectedEditorRenderState: 3
  m_MinimumChartSize: 4
  m_AutoUVMaxDistance: 0.5
  m_AutoUVMaxAngle: 89
  m_LightmapParameters: {fileID: 0}
  m_SortingLayerID: 0
  m_SortingLayer: 0
  m_SortingOrder: 0
--- !u!23 &23287522311229116
MeshRenderer:
  m_ObjectHideFlags: 1
  m_CorrespondingSourceObject: {fileID: 0}
  m_PrefabInternal: {fileID: 100100000}
  m_GameObject: {fileID: 1719743613370434}
  m_Enabled: 1
  m_CastShadows: 1
  m_ReceiveShadows: 1
  m_DynamicOccludee: 1
  m_MotionVectors: 1
  m_LightProbeUsage: 1
  m_ReflectionProbeUsage: 1
  m_RenderingLayerMask: 4294967295
  m_Materials:
  - {fileID: 2100000, guid: 9d93cac89b41c084f9e7ba2219ad0f57, type: 3}
  - {fileID: 2100002, guid: 9d93cac89b41c084f9e7ba2219ad0f57, type: 3}
  - {fileID: 2100004, guid: 9d93cac89b41c084f9e7ba2219ad0f57, type: 3}
  - {fileID: 2100006, guid: 9d93cac89b41c084f9e7ba2219ad0f57, type: 3}
  - {fileID: 2100008, guid: 9d93cac89b41c084f9e7ba2219ad0f57, type: 3}
  - {fileID: 2100010, guid: 9d93cac89b41c084f9e7ba2219ad0f57, type: 3}
  - {fileID: 2100012, guid: 9d93cac89b41c084f9e7ba2219ad0f57, type: 3}
  m_StaticBatchInfo:
    firstSubMesh: 0
    subMeshCount: 0
  m_StaticBatchRoot: {fileID: 0}
  m_ProbeAnchor: {fileID: 0}
  m_LightProbeVolumeOverride: {fileID: 0}
  m_ScaleInLightmap: 1
  m_PreserveUVs: 0
  m_IgnoreNormalsForChartDetection: 0
  m_ImportantGI: 0
  m_StitchLightmapSeams: 0
  m_SelectedEditorRenderState: 3
  m_MinimumChartSize: 4
  m_AutoUVMaxDistance: 0.5
  m_AutoUVMaxAngle: 89
  m_LightmapParameters: {fileID: 0}
  m_SortingLayerID: 0
  m_SortingLayer: 0
  m_SortingOrder: 0
--- !u!23 &23447055772892304
MeshRenderer:
  m_ObjectHideFlags: 1
  m_CorrespondingSourceObject: {fileID: 0}
  m_PrefabInternal: {fileID: 100100000}
  m_GameObject: {fileID: 1321195513510692}
  m_Enabled: 1
  m_CastShadows: 1
  m_ReceiveShadows: 1
  m_DynamicOccludee: 1
  m_MotionVectors: 1
  m_LightProbeUsage: 1
  m_ReflectionProbeUsage: 1
  m_RenderingLayerMask: 4294967295
  m_Materials:
  - {fileID: 2100000, guid: 9d93cac89b41c084f9e7ba2219ad0f57, type: 3}
  - {fileID: 2100002, guid: 9d93cac89b41c084f9e7ba2219ad0f57, type: 3}
  - {fileID: 2100004, guid: 9d93cac89b41c084f9e7ba2219ad0f57, type: 3}
  - {fileID: 2100006, guid: 9d93cac89b41c084f9e7ba2219ad0f57, type: 3}
  - {fileID: 2100008, guid: 9d93cac89b41c084f9e7ba2219ad0f57, type: 3}
  - {fileID: 2100010, guid: 9d93cac89b41c084f9e7ba2219ad0f57, type: 3}
  - {fileID: 2100012, guid: 9d93cac89b41c084f9e7ba2219ad0f57, type: 3}
  m_StaticBatchInfo:
    firstSubMesh: 0
    subMeshCount: 0
  m_StaticBatchRoot: {fileID: 0}
  m_ProbeAnchor: {fileID: 0}
  m_LightProbeVolumeOverride: {fileID: 0}
  m_ScaleInLightmap: 1
  m_PreserveUVs: 0
  m_IgnoreNormalsForChartDetection: 0
  m_ImportantGI: 0
  m_StitchLightmapSeams: 0
  m_SelectedEditorRenderState: 3
  m_MinimumChartSize: 4
  m_AutoUVMaxDistance: 0.5
  m_AutoUVMaxAngle: 89
  m_LightmapParameters: {fileID: 0}
  m_SortingLayerID: 0
  m_SortingLayer: 0
  m_SortingOrder: 0
--- !u!23 &23448334603541922
MeshRenderer:
  m_ObjectHideFlags: 1
  m_CorrespondingSourceObject: {fileID: 0}
  m_PrefabInternal: {fileID: 100100000}
  m_GameObject: {fileID: 1545581180185170}
  m_Enabled: 1
  m_CastShadows: 1
  m_ReceiveShadows: 1
  m_DynamicOccludee: 1
  m_MotionVectors: 1
  m_LightProbeUsage: 1
  m_ReflectionProbeUsage: 1
  m_RenderingLayerMask: 4294967295
  m_Materials:
  - {fileID: 2100000, guid: 9d93cac89b41c084f9e7ba2219ad0f57, type: 3}
  - {fileID: 2100002, guid: 9d93cac89b41c084f9e7ba2219ad0f57, type: 3}
  - {fileID: 2100004, guid: 9d93cac89b41c084f9e7ba2219ad0f57, type: 3}
  - {fileID: 2100006, guid: 9d93cac89b41c084f9e7ba2219ad0f57, type: 3}
  - {fileID: 2100008, guid: 9d93cac89b41c084f9e7ba2219ad0f57, type: 3}
  - {fileID: 2100010, guid: 9d93cac89b41c084f9e7ba2219ad0f57, type: 3}
  - {fileID: 2100012, guid: 9d93cac89b41c084f9e7ba2219ad0f57, type: 3}
  m_StaticBatchInfo:
    firstSubMesh: 0
    subMeshCount: 0
  m_StaticBatchRoot: {fileID: 0}
  m_ProbeAnchor: {fileID: 0}
  m_LightProbeVolumeOverride: {fileID: 0}
  m_ScaleInLightmap: 1
  m_PreserveUVs: 0
  m_IgnoreNormalsForChartDetection: 0
  m_ImportantGI: 0
  m_StitchLightmapSeams: 0
  m_SelectedEditorRenderState: 3
  m_MinimumChartSize: 4
  m_AutoUVMaxDistance: 0.5
  m_AutoUVMaxAngle: 89
  m_LightmapParameters: {fileID: 0}
  m_SortingLayerID: 0
  m_SortingLayer: 0
  m_SortingOrder: 0
--- !u!23 &23521161200832708
MeshRenderer:
  m_ObjectHideFlags: 1
  m_CorrespondingSourceObject: {fileID: 0}
  m_PrefabInternal: {fileID: 100100000}
  m_GameObject: {fileID: 1788076461335100}
  m_Enabled: 1
  m_CastShadows: 1
  m_ReceiveShadows: 1
  m_DynamicOccludee: 1
  m_MotionVectors: 1
  m_LightProbeUsage: 1
  m_ReflectionProbeUsage: 1
  m_RenderingLayerMask: 4294967295
  m_Materials:
  - {fileID: 2100000, guid: 9d93cac89b41c084f9e7ba2219ad0f57, type: 3}
  - {fileID: 2100002, guid: 9d93cac89b41c084f9e7ba2219ad0f57, type: 3}
  - {fileID: 2100004, guid: 9d93cac89b41c084f9e7ba2219ad0f57, type: 3}
  - {fileID: 2100006, guid: 9d93cac89b41c084f9e7ba2219ad0f57, type: 3}
  - {fileID: 2100008, guid: 9d93cac89b41c084f9e7ba2219ad0f57, type: 3}
  - {fileID: 2100010, guid: 9d93cac89b41c084f9e7ba2219ad0f57, type: 3}
  - {fileID: 2100012, guid: 9d93cac89b41c084f9e7ba2219ad0f57, type: 3}
  m_StaticBatchInfo:
    firstSubMesh: 0
    subMeshCount: 0
  m_StaticBatchRoot: {fileID: 0}
  m_ProbeAnchor: {fileID: 0}
  m_LightProbeVolumeOverride: {fileID: 0}
  m_ScaleInLightmap: 1
  m_PreserveUVs: 0
  m_IgnoreNormalsForChartDetection: 0
  m_ImportantGI: 0
  m_StitchLightmapSeams: 0
  m_SelectedEditorRenderState: 3
  m_MinimumChartSize: 4
  m_AutoUVMaxDistance: 0.5
  m_AutoUVMaxAngle: 89
  m_LightmapParameters: {fileID: 0}
  m_SortingLayerID: 0
  m_SortingLayer: 0
  m_SortingOrder: 0
--- !u!23 &23571761025022798
MeshRenderer:
  m_ObjectHideFlags: 1
  m_CorrespondingSourceObject: {fileID: 0}
  m_PrefabInternal: {fileID: 100100000}
  m_GameObject: {fileID: 1004495429792736}
  m_Enabled: 1
  m_CastShadows: 1
  m_ReceiveShadows: 1
  m_DynamicOccludee: 1
  m_MotionVectors: 1
  m_LightProbeUsage: 1
  m_ReflectionProbeUsage: 1
  m_RenderingLayerMask: 4294967295
  m_Materials:
  - {fileID: 2100000, guid: 9d93cac89b41c084f9e7ba2219ad0f57, type: 3}
  - {fileID: 2100002, guid: 9d93cac89b41c084f9e7ba2219ad0f57, type: 3}
  - {fileID: 2100004, guid: 9d93cac89b41c084f9e7ba2219ad0f57, type: 3}
  - {fileID: 2100006, guid: 9d93cac89b41c084f9e7ba2219ad0f57, type: 3}
  - {fileID: 2100008, guid: 9d93cac89b41c084f9e7ba2219ad0f57, type: 3}
  - {fileID: 2100010, guid: 9d93cac89b41c084f9e7ba2219ad0f57, type: 3}
  - {fileID: 2100012, guid: 9d93cac89b41c084f9e7ba2219ad0f57, type: 3}
  m_StaticBatchInfo:
    firstSubMesh: 0
    subMeshCount: 0
  m_StaticBatchRoot: {fileID: 0}
  m_ProbeAnchor: {fileID: 0}
  m_LightProbeVolumeOverride: {fileID: 0}
  m_ScaleInLightmap: 1
  m_PreserveUVs: 0
  m_IgnoreNormalsForChartDetection: 0
  m_ImportantGI: 0
  m_StitchLightmapSeams: 0
  m_SelectedEditorRenderState: 3
  m_MinimumChartSize: 4
  m_AutoUVMaxDistance: 0.5
  m_AutoUVMaxAngle: 89
  m_LightmapParameters: {fileID: 0}
  m_SortingLayerID: 0
  m_SortingLayer: 0
  m_SortingOrder: 0
--- !u!23 &23676406838699308
MeshRenderer:
  m_ObjectHideFlags: 1
  m_CorrespondingSourceObject: {fileID: 0}
  m_PrefabInternal: {fileID: 100100000}
  m_GameObject: {fileID: 1772570583196172}
  m_Enabled: 1
  m_CastShadows: 1
  m_ReceiveShadows: 1
  m_DynamicOccludee: 1
  m_MotionVectors: 1
  m_LightProbeUsage: 1
  m_ReflectionProbeUsage: 1
  m_RenderingLayerMask: 4294967295
  m_Materials:
  - {fileID: 2100000, guid: 9d93cac89b41c084f9e7ba2219ad0f57, type: 3}
  - {fileID: 2100002, guid: 9d93cac89b41c084f9e7ba2219ad0f57, type: 3}
  - {fileID: 2100004, guid: 9d93cac89b41c084f9e7ba2219ad0f57, type: 3}
  - {fileID: 2100006, guid: 9d93cac89b41c084f9e7ba2219ad0f57, type: 3}
  - {fileID: 2100008, guid: 9d93cac89b41c084f9e7ba2219ad0f57, type: 3}
  - {fileID: 2100010, guid: 9d93cac89b41c084f9e7ba2219ad0f57, type: 3}
  - {fileID: 2100012, guid: 9d93cac89b41c084f9e7ba2219ad0f57, type: 3}
  m_StaticBatchInfo:
    firstSubMesh: 0
    subMeshCount: 0
  m_StaticBatchRoot: {fileID: 0}
  m_ProbeAnchor: {fileID: 0}
  m_LightProbeVolumeOverride: {fileID: 0}
  m_ScaleInLightmap: 1
  m_PreserveUVs: 0
  m_IgnoreNormalsForChartDetection: 0
  m_ImportantGI: 0
  m_StitchLightmapSeams: 0
  m_SelectedEditorRenderState: 3
  m_MinimumChartSize: 4
  m_AutoUVMaxDistance: 0.5
  m_AutoUVMaxAngle: 89
  m_LightmapParameters: {fileID: 0}
  m_SortingLayerID: 0
  m_SortingLayer: 0
  m_SortingOrder: 0
--- !u!23 &23694408649978012
MeshRenderer:
  m_ObjectHideFlags: 1
  m_CorrespondingSourceObject: {fileID: 0}
  m_PrefabInternal: {fileID: 100100000}
  m_GameObject: {fileID: 1988376557294080}
  m_Enabled: 1
  m_CastShadows: 1
  m_ReceiveShadows: 1
  m_DynamicOccludee: 1
  m_MotionVectors: 1
  m_LightProbeUsage: 1
  m_ReflectionProbeUsage: 1
  m_RenderingLayerMask: 4294967295
  m_Materials:
  - {fileID: 2100000, guid: 9d93cac89b41c084f9e7ba2219ad0f57, type: 3}
  - {fileID: 2100002, guid: 9d93cac89b41c084f9e7ba2219ad0f57, type: 3}
  - {fileID: 2100004, guid: 9d93cac89b41c084f9e7ba2219ad0f57, type: 3}
  - {fileID: 2100006, guid: 9d93cac89b41c084f9e7ba2219ad0f57, type: 3}
  - {fileID: 2100008, guid: 9d93cac89b41c084f9e7ba2219ad0f57, type: 3}
  - {fileID: 2100010, guid: 9d93cac89b41c084f9e7ba2219ad0f57, type: 3}
  - {fileID: 2100012, guid: 9d93cac89b41c084f9e7ba2219ad0f57, type: 3}
  m_StaticBatchInfo:
    firstSubMesh: 0
    subMeshCount: 0
  m_StaticBatchRoot: {fileID: 0}
  m_ProbeAnchor: {fileID: 0}
  m_LightProbeVolumeOverride: {fileID: 0}
  m_ScaleInLightmap: 1
  m_PreserveUVs: 0
  m_IgnoreNormalsForChartDetection: 0
  m_ImportantGI: 0
  m_StitchLightmapSeams: 0
  m_SelectedEditorRenderState: 3
  m_MinimumChartSize: 4
  m_AutoUVMaxDistance: 0.5
  m_AutoUVMaxAngle: 89
  m_LightmapParameters: {fileID: 0}
  m_SortingLayerID: 0
  m_SortingLayer: 0
  m_SortingOrder: 0
--- !u!23 &23756863129765168
MeshRenderer:
  m_ObjectHideFlags: 1
  m_CorrespondingSourceObject: {fileID: 0}
  m_PrefabInternal: {fileID: 100100000}
  m_GameObject: {fileID: 1333787128646726}
  m_Enabled: 1
  m_CastShadows: 1
  m_ReceiveShadows: 1
  m_DynamicOccludee: 1
  m_MotionVectors: 1
  m_LightProbeUsage: 1
  m_ReflectionProbeUsage: 1
  m_RenderingLayerMask: 4294967295
  m_Materials:
  - {fileID: 2100000, guid: 9d93cac89b41c084f9e7ba2219ad0f57, type: 3}
  - {fileID: 2100002, guid: 9d93cac89b41c084f9e7ba2219ad0f57, type: 3}
  - {fileID: 2100004, guid: 9d93cac89b41c084f9e7ba2219ad0f57, type: 3}
  - {fileID: 2100006, guid: 9d93cac89b41c084f9e7ba2219ad0f57, type: 3}
  - {fileID: 2100008, guid: 9d93cac89b41c084f9e7ba2219ad0f57, type: 3}
  - {fileID: 2100010, guid: 9d93cac89b41c084f9e7ba2219ad0f57, type: 3}
  - {fileID: 2100012, guid: 9d93cac89b41c084f9e7ba2219ad0f57, type: 3}
  m_StaticBatchInfo:
    firstSubMesh: 0
    subMeshCount: 0
  m_StaticBatchRoot: {fileID: 0}
  m_ProbeAnchor: {fileID: 0}
  m_LightProbeVolumeOverride: {fileID: 0}
  m_ScaleInLightmap: 1
  m_PreserveUVs: 0
  m_IgnoreNormalsForChartDetection: 0
  m_ImportantGI: 0
  m_StitchLightmapSeams: 0
  m_SelectedEditorRenderState: 3
  m_MinimumChartSize: 4
  m_AutoUVMaxDistance: 0.5
  m_AutoUVMaxAngle: 89
  m_LightmapParameters: {fileID: 0}
  m_SortingLayerID: 0
  m_SortingLayer: 0
  m_SortingOrder: 0
--- !u!33 &33046808905134822
MeshFilter:
  m_ObjectHideFlags: 1
  m_CorrespondingSourceObject: {fileID: 0}
  m_PrefabInternal: {fileID: 100100000}
  m_GameObject: {fileID: 1719743613370434}
  m_Mesh: {fileID: 4300000, guid: 9d93cac89b41c084f9e7ba2219ad0f57, type: 3}
--- !u!33 &33089582294421830
MeshFilter:
  m_ObjectHideFlags: 1
  m_CorrespondingSourceObject: {fileID: 0}
  m_PrefabInternal: {fileID: 100100000}
  m_GameObject: {fileID: 1988376557294080}
  m_Mesh: {fileID: 4300002, guid: 9d93cac89b41c084f9e7ba2219ad0f57, type: 3}
--- !u!33 &33380089440037572
MeshFilter:
  m_ObjectHideFlags: 1
  m_CorrespondingSourceObject: {fileID: 0}
  m_PrefabInternal: {fileID: 100100000}
  m_GameObject: {fileID: 1321195513510692}
  m_Mesh: {fileID: 4300000, guid: 9d93cac89b41c084f9e7ba2219ad0f57, type: 3}
--- !u!33 &33388254543392544
MeshFilter:
  m_ObjectHideFlags: 1
  m_CorrespondingSourceObject: {fileID: 0}
  m_PrefabInternal: {fileID: 100100000}
  m_GameObject: {fileID: 1545581180185170}
  m_Mesh: {fileID: 4300000, guid: 9d93cac89b41c084f9e7ba2219ad0f57, type: 3}
--- !u!33 &33393575786411116
MeshFilter:
  m_ObjectHideFlags: 1
  m_CorrespondingSourceObject: {fileID: 0}
  m_PrefabInternal: {fileID: 100100000}
  m_GameObject: {fileID: 1117157505984474}
  m_Mesh: {fileID: 4300000, guid: 9d93cac89b41c084f9e7ba2219ad0f57, type: 3}
--- !u!33 &33511969428389150
MeshFilter:
  m_ObjectHideFlags: 1
  m_CorrespondingSourceObject: {fileID: 0}
  m_PrefabInternal: {fileID: 100100000}
  m_GameObject: {fileID: 1772570583196172}
  m_Mesh: {fileID: 4300000, guid: 9d93cac89b41c084f9e7ba2219ad0f57, type: 3}
--- !u!33 &33597997182582062
MeshFilter:
  m_ObjectHideFlags: 1
  m_CorrespondingSourceObject: {fileID: 0}
  m_PrefabInternal: {fileID: 100100000}
  m_GameObject: {fileID: 1788076461335100}
  m_Mesh: {fileID: 4300002, guid: 9d93cac89b41c084f9e7ba2219ad0f57, type: 3}
--- !u!33 &33598151827728390
MeshFilter:
  m_ObjectHideFlags: 1
  m_CorrespondingSourceObject: {fileID: 0}
  m_PrefabInternal: {fileID: 100100000}
  m_GameObject: {fileID: 1808728030577650}
  m_Mesh: {fileID: 4300000, guid: 9d93cac89b41c084f9e7ba2219ad0f57, type: 3}
--- !u!33 &33633578169412114
MeshFilter:
  m_ObjectHideFlags: 1
  m_CorrespondingSourceObject: {fileID: 0}
  m_PrefabInternal: {fileID: 100100000}
  m_GameObject: {fileID: 1055855046854156}
  m_Mesh: {fileID: 4300000, guid: 9d93cac89b41c084f9e7ba2219ad0f57, type: 3}
--- !u!33 &33706208460899250
MeshFilter:
  m_ObjectHideFlags: 1
  m_CorrespondingSourceObject: {fileID: 0}
  m_PrefabInternal: {fileID: 100100000}
  m_GameObject: {fileID: 1333787128646726}
  m_Mesh: {fileID: 4300000, guid: 9d93cac89b41c084f9e7ba2219ad0f57, type: 3}
--- !u!33 &33761490878236504
MeshFilter:
  m_ObjectHideFlags: 1
  m_CorrespondingSourceObject: {fileID: 0}
  m_PrefabInternal: {fileID: 100100000}
  m_GameObject: {fileID: 1296089845449148}
  m_Mesh: {fileID: 4300002, guid: 9d93cac89b41c084f9e7ba2219ad0f57, type: 3}
--- !u!33 &33923303588340522
MeshFilter:
  m_ObjectHideFlags: 1
  m_CorrespondingSourceObject: {fileID: 0}
  m_PrefabInternal: {fileID: 100100000}
  m_GameObject: {fileID: 1839765087385650}
  m_Mesh: {fileID: 4300000, guid: 9d93cac89b41c084f9e7ba2219ad0f57, type: 3}
--- !u!33 &33997111800669016
MeshFilter:
  m_ObjectHideFlags: 1
  m_CorrespondingSourceObject: {fileID: 0}
  m_PrefabInternal: {fileID: 100100000}
  m_GameObject: {fileID: 1004495429792736}
  m_Mesh: {fileID: 4300000, guid: 9d93cac89b41c084f9e7ba2219ad0f57, type: 3}
